@Book{statystyka_od_podstaw,
    author =    "Janina JóŸwiak, Jaros³aw Podgórski",
    title =     "Statystyka od podstaw",
    publisher = "Pañstwowe Wydawnictwo EkonomicznePress",
    year =      1995,
    isbn =      "83-208-0971-1"
}
@Book{probabilistyka,
    author = "Agnieszka Pluciñska",
    title = "Probabilistyka",
    publisher = "Wydawnictwo Naukowo-Techniczne",
    year =      2000,
    isbn =      "83-204-2519-0"
}
@phdthesis{landowski_d,
    author = "Landowski Marek",
    title = "Dr",
    school = "Politechnika Szczeciñska",
    year = 2008
}
    